@inproceedings{diamond1994toward,
  title={Toward democratic consolidation},
  author={Diamond, Larry Jay},
  journal={Journal of democracy},
  volume={5},
  number={3},
  pages={4--17},
  year={1994},
  publisher={Johns Hopkins University Press}
}

@book{diamond1999developing,
  title={Developing democracy: Toward consolidation},
  author={Diamond, Larry},
  year={1999},
  publisher={JHU Press}
}